<record><leader>00000cas a2200000 a 4500</leader><controlfield tag="001">4351703</controlfield><controlfield tag="008">781107c19789999nyuwr ne      0   a0eng c</controlfield><controlfield tag="009">119</controlfield><datafield ind1=" " ind2=" " tag="010"><subfield code="a">sc 79003978 </subfield></datafield><datafield ind1=" " ind2=" " tag="040"><subfield code="a">COO</subfield><subfield code="b">eng</subfield><subfield code="c">COO</subfield><subfield code="d">DLC</subfield><subfield code="d">NSD</subfield><subfield code="d">NYG</subfield><subfield code="d">OCLCQ</subfield><subfield code="d">NSD</subfield><subfield code="d">OCLCQ</subfield></datafield><datafield ind1=" " ind2=" " tag="012"><subfield code="a">2</subfield></datafield><datafield ind1="1" ind2=" " tag="022"><subfield code="a">0277-1187</subfield><subfield code="l">0277-1187</subfield><subfield code="2">1</subfield></datafield><datafield ind1="1" ind2=" " tag="029"><subfield code="a">AU@</subfield><subfield code="b">000025739419</subfield></datafield><datafield ind1=" " ind2=" " tag="037"><subfield code="b">Subscription Dept., Ithaca Times, Box 27, Ithaca, NY 14850</subfield></datafield><datafield ind1=" " ind2=" " tag="042"><subfield code="a">pcc</subfield><subfield code="a">nsdp</subfield></datafield><datafield ind1=" " ind2=" " tag="090"><subfield code="a">LH1</subfield><subfield code="b">.I87</subfield></datafield><datafield ind1=" " ind2="0" tag="222"><subfield code="a">Ithaca times</subfield></datafield><datafield ind1="0" ind2="0" tag="245"><subfield code="a">Ithaca times.</subfield></datafield><datafield ind1=" " ind2=" " tag="260"><subfield code="a">Ithaca, N.Y. :</subfield><subfield code="b">Newski</subfield></datafield><datafield ind1=" " ind2=" " tag="300"><subfield code="a">v. :</subfield><subfield code="b">ill. ;</subfield><subfield code="c">43 cm.</subfield></datafield><datafield ind1=" " ind2=" " tag="310"><subfield code="a">Weekly</subfield></datafield><datafield ind1="0" ind2=" " tag="362"><subfield code="a">Vol. 1, no. 1 (June 22/28, 1978)-</subfield></datafield><datafield ind1=" " ind2="4" tag="651"><subfield code="a">Ithaca (N.Y.)</subfield><subfield code="v">Newspapers.</subfield></datafield><datafield ind1=" " ind2=" " tag="752"><subfield code="a">United States</subfield><subfield code="b">New York</subfield><subfield code="c">Tompkins</subfield><subfield code="d">Ithaca.</subfield></datafield><datafield ind1="0" ind2="4" tag="780"><subfield code="t">Good times gazette</subfield><subfield code="w">(DLC)sn 90066495</subfield><subfield code="w">(OCoLC)2530260</subfield></datafield><datafield ind1="0" ind2="4" tag="780"><subfield code="t">Ithaca new times</subfield><subfield code="w">(DLC)sn 91066175</subfield><subfield code="w">(OCoLC)23152101</subfield></datafield></record>